<record><leader>00000cas a22000007a 4500</leader><controlfield tag="001">9941432</controlfield><controlfield tag="008">830923d18501885nyuwr ne      0    0eng d</controlfield><controlfield tag="009">3781</controlfield><datafield ind1=" " ind2=" " tag="010"><subfield code="a">sn 83031652 </subfield></datafield><datafield ind1=" " ind2=" " tag="040"><subfield code="a">NPU</subfield><subfield code="b">eng</subfield><subfield code="c">NPU</subfield><subfield code="d">NPX</subfield><subfield code="d">NYS</subfield><subfield code="d">NYG</subfield><subfield code="d">NYS</subfield><subfield code="d">CNK</subfield><subfield code="d">OCL</subfield><subfield code="d">OCLCF</subfield><subfield code="d">OCLCO</subfield><subfield code="d">OCLCA</subfield></datafield><datafield ind1=" " ind2=" " tag="042"><subfield code="a">msc</subfield></datafield><datafield ind1="0" ind2=" " tag="130"><subfield code="a">Salem press (Salem, N.Y. : 1850)</subfield></datafield><datafield ind1="0" ind2="4" tag="245"><subfield code="a">The Salem press.</subfield></datafield><datafield ind1=" " ind2=" " tag="260"><subfield code="a">Salem, N.Y. :</subfield><subfield code="b">Wm. B. Harkness,</subfield></datafield><datafield ind1=" " ind2=" " tag="300"><subfield code="a">v. ;</subfield><subfield code="c">61 cm.</subfield></datafield><datafield ind1=" " ind2=" " tag="310"><subfield code="a">Weekly</subfield></datafield><datafield ind1="0" ind2=" " tag="362"><subfield code="a">Vol. 1, no. 1 (May 21, 1850)-v. 36, no. 18 (June 26, 1885).</subfield></datafield><datafield ind1=" " ind2=" " tag="500"><subfield code="a">Publishers: William B. Harkness, 1850-&lt;1852&gt;; D.B. Cole &amp; B.F. Cole, &lt;1858&gt;-1859; D.B. Cole 1859-&lt;1865&gt;; Henry D. Morris, &lt;1875&gt;-1880; E.P. Thurston, 1880-&lt;1882&gt;.</subfield></datafield><datafield ind1=" " ind2=" " tag="515"><subfield code="a">Oct. 7, 1862 issue misdated Sept. 7, 1862.</subfield></datafield><datafield ind1=" " ind2="0" tag="651"><subfield code="a">Salem (N.Y.)</subfield><subfield code="v">Newspapers.</subfield></datafield><datafield ind1=" " ind2="7" tag="655"><subfield code="a">Newspapers.</subfield><subfield code="2">fast</subfield><subfield code="0">(OCoLC)fst01423814</subfield></datafield><datafield ind1=" " ind2="7" tag="651"><subfield code="a">New York (State)</subfield><subfield code="z">Salem.</subfield><subfield code="2">fast</subfield><subfield code="0">(OCoLC)fst01234346</subfield></datafield><datafield ind1=" " ind2=" " tag="752"><subfield code="a">United States</subfield><subfield code="b">New York</subfield><subfield code="c">Washington</subfield><subfield code="d">Salem.</subfield></datafield><datafield ind1="0" ind2="7" tag="785"><subfield code="t">Salem weekly review</subfield><subfield code="w">(DLC)sn 84031804</subfield></datafield><datafield ind1="0" ind2="7" tag="785"><subfield code="t">Review-press</subfield><subfield code="w">(DLC)sn 87070283</subfield></datafield></record>